<record><leader>00000cas a22000007a 4500</leader><controlfield tag="001">11850634</controlfield><controlfield tag="008">850326d18321832nyuwr ne      0    0eng d</controlfield><controlfield tag="009">3768</controlfield><datafield ind1=" " ind2=" " tag="010"><subfield code="a">sn 85025678 </subfield></datafield><datafield ind1=" " ind2=" " tag="040"><subfield code="a">NPX</subfield><subfield code="b">eng</subfield><subfield code="c">NPX</subfield><subfield code="d">DLC</subfield><subfield code="d">YOX</subfield><subfield code="d">KRTAS</subfield></datafield><datafield ind1=" " ind2=" " tag="042"><subfield code="a">msc</subfield></datafield><datafield ind1="0" ind2=" " tag="130"><subfield code="a">Morning courier and New-York enquirer (New York, N.Y. : 1832 : Weekly)</subfield></datafield><datafield ind1="0" ind2="0" tag="245"><subfield code="a">Morning courier and New-York enquirer.</subfield></datafield><datafield ind1="0" ind2="0" tag="246"><subfield code="a">Morning courier and New York enquirer</subfield></datafield><datafield ind1="1" ind2="7" tag="246"><subfield code="a">Weekly courier and New-York enquirer</subfield></datafield><datafield ind1=" " ind2=" " tag="260"><subfield code="a">New-York [N.Y.] :</subfield><subfield code="b">Jas. Watson Webb &amp; Co.,</subfield><subfield code="c">1832.</subfield></datafield><datafield ind1=" " ind2=" " tag="300"><subfield code="a">v.</subfield></datafield><datafield ind1=" " ind2=" " tag="310"><subfield code="a">Weekly</subfield></datafield><datafield ind1="0" ind2=" " tag="362"><subfield code="a">Vol. 1, no. 1 (Jan. 28, 1832).</subfield></datafield><datafield ind1=" " ind2=" " tag="500"><subfield code="a">"Democratic."</subfield></datafield><datafield ind1=" " ind2=" " tag="530"><subfield code="a">Also available on microfilm from the New York Public Library.</subfield></datafield><datafield ind1=" " ind2=" " tag="580"><subfield code="a">Daily ed.: Morning courier and New-York enquirer.</subfield></datafield><datafield ind1=" " ind2=" " tag="580"><subfield code="a">Semiweekly ed.: Morning courier and New-York enquirer, for the country.</subfield></datafield><datafield ind1=" " ind2=" " tag="752"><subfield code="a">United States</subfield><subfield code="b">New York</subfield><subfield code="c">New York</subfield><subfield code="d">New York.</subfield></datafield><datafield ind1="1" ind2=" " tag="775"><subfield code="t">Morning courier and New-York enquirer</subfield><subfield code="w">(DLC)sn 83030084</subfield></datafield><datafield ind1="1" ind2=" " tag="775"><subfield code="t">Morning courier and New-York enquirer, for the country</subfield><subfield code="w">(DLC)sn 83030097</subfield></datafield><datafield ind1="0" ind2="0" tag="785"><subfield code="t">Weekly courier and New-York enquirer</subfield><subfield code="w">(DLC)sn 83030099</subfield></datafield><datafield ind1=" " ind2=" " tag="938"><subfield code="a">Kirtas Technologies, Inc.</subfield><subfield code="b">KRTS</subfield><subfield code="n">739092</subfield></datafield></record>